
@misc{tiobe, title={Tiobe Index}, url={https://www.tiobe.com/tiobe-index/}, journal={TIOBE}}

@INPROCEEDINGS{8593885,
author={G. {Bledt} and M. J. {Powell} and B. {Katz} and J. {Di Carlo} and P. M. {Wensing} and S. {Kim}},
booktitle={2018 IEEE/RSJ International Conference on Intelligent Robots and Systems (IROS)},
title={MIT Cheetah 3: Design and Control of a Robust, Dynamic Quadruped Robot},
year={2018},
volume={},
number={},
pages={2245-2252},
keywords={actuators;gait analysis;legged locomotion;motion control;robot dynamics;robust control;control architecture;legged locomotion;abduction-adduction degrees;gait modification;cost of transport;CoT;proprioceptive actuation;leg design;mechanical design;dynamic quadruped robot;robust robot;MIT cheetah 3;Legged locomotion;Actuators;Torque;Force;Knee;Robot sensing systems},
doi={10.1109/IROS.2018.8593885},
ISSN={},
month={Oct},}

@INPROCEEDINGS{6900173,
author={J. A. {Naves Cocota} and T. {D'Angelo} and P. M. {de Barros Monteiro} and P. H. V. {Magalh√£es}},
booktitle={2014 XI Tecnologias Aplicadas a la Ensenanza de la Electronica (Technologies Applied to Electronics Teaching) (TAEE)},
title={Design and implementation of an educational robot manipulator},
year={2014},
volume={},
number={},
pages={1-6},
keywords={control engineering education;educational institutions;manipulators;mechanical engineering;educational robot manipulator;engineering courses;universities;active learning;educational community;educational experience;six degrees of freedom;control engineering;automation engineering;mechanical engineering;Educational robots;Kinematics;Joints;Trajectory;Manipulators;Service robots;robotics;active learning;forward and inverse kinematics;kinematic control;CAE},
doi={10.1109/TAEE.2014.6900173},
ISSN={},
month={June},}

@INPROCEEDINGS{8793865,
author={B. {Katz} and J. D. {Carlo} and S. {Kim}},
booktitle={2019 International Conference on Robotics and Automation (ICRA)},
title={Mini Cheetah: A Platform for Pushing the Limits of Dynamic Quadruped Control},
year={2019},
volume={},
number={},
pages={6295-6301},
keywords={force control;legged locomotion;motion control;nonlinear control systems;optimisation;predictive control;robot dynamics;Mini Cheetah;powerful robot;mechanically robust quadruped robot;control systems;legged robots;custom backdriveable modular actuators;high-bandwidth force control;high force density;dynamic trot;dynamic quadruped control;convex model-predictive control;cMPC;offline nonlinear optimization;size 0.3 m;mass 9.0 kg;Actuators;Legged locomotion;Torque;Bandwidth;Knee;Torque control},
doi={10.1109/ICRA.2019.8793865},
ISSN={},
month={May},}

@INPROCEEDINGS{8001854,
author={Y. {Cheng} and P. {Sun} and N. {Chen}},
booktitle={2017 IEEE 17th International Conference on Advanced Learning Technologies (ICALT)},
title={An Investigation of the Needs on Educational Robots},
year={2017},
volume={},
number={},
pages={536-538},
keywords={educational robots;educational robots;triangulation technique;Education;Educational robots;Interviews;Sun;Senior citizens;Systematics;educational robot;need of educational robot;triangulation technique},
doi={10.1109/ICALT.2017.115},
ISSN={},
month={July},}


@article{77248,
author = {Chung, Jae-Wook and Park, Ill-Woo and Oh, Jun-Ho},
year = {2010},
month = {01},
pages = {277-298},
title = {On the Design and Development of a Quadruped Robot Platform},
volume = {24},
journal = {Advanced Robotics},
doi = {10.1163/016918609X12586214966992}
}

@INPROCEEDINGS{8813480,
author={D. {Dholakiya} and S. {Bhattacharya} and A. {Gunalan} and A. {Singla} and S. {Bhatnagar} and B. {Amrutur} and A. {Ghosal} and S. {Kolathaya}},
booktitle={2019 5th International Conference on Control, Automation and Robotics (ICCAR)},
title={Design, Development and Experimental Realization of A Quadrupedal Research Platform: Stoch},
year={2019},
volume={},
number={},
pages={229-234},
keywords={control system synthesis;gait analysis;legged locomotion;robust control;quadrupedal research platform;Stoch;hardware design;control architecture;legged locomotion;trot-to-bound behaviors;rapid prototyping;quadruped robot;gait transitions;trot-to-turn behaviors;quadrupedal robot;legged locomotion;robot design},
doi={10.1109/ICCAR.2019.8813480},
ISSN={},
month={April},}

@inproceedings{Aracna,
author = {Lohmann, Sara and Yosinski, Jason and Gold, Eric and Clune, Jeff and Blum, Jeremy and Lipson, Hod},
year = {2012},
month = {07},
pages = {387-392},
title = {Aracna: An Open-Source Quadruped Platform for Evolutionary Robotics},
isbn = {9780262310505},
doi = {10.7551/978-0-262-31050-5-ch051}
}

@inproceedings{surveillance,
author = {Yadav, Nakul and Raina, Tejasvi and Gupta, Naman and Shrivas, Nikhil},
year = {2019},
month = {09},
pages = {030028},
title = {Design and development of a structurally stable quadruped robot for surveillance},
volume = {2148},
journal = {AIP Conference Proceedings},
doi = {10.1063/1.5123950}
}

@article{HyQ,
author = {Semini, Claudio and Tsagarakis, Nikos and Guglielmino, Emanuele and Focchi, Michele and Cannella, Ferdinando and Caldwell, D.},
year = {2011},
month = {08},
pages = {831-849},
title = {Design of HyQ -A hydraulically and electrically actuated quadruped robot},
volume = {225},
journal = {Proceedings of the Institution of Mechanical Engineers. Part I: Journal of Systems and Control Engineering},
doi = {10.1177/0959651811402275}
}

@inproceedings{bosworth2015super,
  title={The mit super mini cheetah: A small, low-cost quadrupedal robot for dynamic locomotion},
  author={Bosworth, Will and Kim, Sangbae and Hogan, Neville},
  booktitle={2015 IEEE International Symposium on Safety, Security, and Rescue Robotics (SSRR)},
  pages={1--8},
  year={2015},
  organization={IEEE}
}

@article{kenneally2016design,
  title={Design principles for a family of direct-drive legged robots},
  author={Kenneally, Gavin and De, Avik and Koditschek, Daniel E},
  journal={IEEE Robotics and Automation Letters},
  volume={1},
  number={2},
  pages={900--907},
  year={2016},
  publisher={IEEE}
}

@inproceedings{shkolnik2010motion,
  title={Motion planning for bounding on rough terrain with the littledog robot},
  author={Shkolnik, Alexander and Levashov, Michael and Itani, Sara and Tedrake, Russ},
  booktitle={Proceedings of 2010 IEEE, International Conference on Robotics \& Automation},
  pages={134--142},
  year={2010}
}

@inproceedings{hutter2016anymal,
  title={Anymal-a highly mobile and dynamic quadrupedal robot},
  author={Hutter, Marco and Gehring, Christian and Jud, Dominic and Lauber, Andreas and Bellicoso, C Dario and Tsounis, Vassilios and Hwangbo, Jemin and Bodie, Karen and Fankhauser, Peter and Bloesch, Michael and others},
  booktitle={2016 IEEE/RSJ International Conference on Intelligent Robots and Systems (IROS)},
  pages={38--44},
  year={2016},
  organization={IEEE}
}

@article{seok2014design,
  title={Design principles for energy-efficient legged locomotion and implementation on the MIT cheetah robot},
  author={Seok, Sangok and Wang, Albert and Chuah, Meng Yee Michael and Hyun, Dong Jin and Lee, Jongwoo and Otten, David M and Lang, Jeffrey H and Kim, Sangbae},
  journal={Ieee/asme transactions on mechatronics},
  volume={20},
  number={3},
  pages={1117--1129},
  year={2014},
  publisher={IEEE}
}

@article{framework,
author = {Catlin, Dave and Blamires, Mike},
year = {2012},
month = {06},
pages = {},
title = {The principles of Educational Robotic Applications (ERA): a framework for understanding and developing educational robots and their activities},
journal = {Advancing Education}
}

@article{ERAS,
author = {Sisman, Burak and Gunay, Devrim and Kucuk, Sevda},
year = {2018},
month = {05},
pages = {1-12},
title = {Development and validation of an educational robot attitude scale (ERAS) for secondary school students},
journal = {Interactive Learning Environments},
doi = {10.1080/10494820.2018.1474234}
}

@inproceedings{Geva2014AND,
  title={A Novel Design of a Quadruped Robot for Research Purposes},
  author={Yam Geva and Amir Shapiro},
  year={2014}
}


@misc{BowlerStudio, title={Bowler Studio}, url={http://commonwealthrobotics.com/}, journal={CommonWealth Robotics}}

@inproceedings{Coumans:2015:BPS:2776880.2792704,
 author = {Coumans, Erwin},
 title = {Bullet Physics Simulation},
 booktitle = {ACM SIGGRAPH 2015 Courses},
 series = {SIGGRAPH '15},
 year = {2015},
 isbn = {978-1-4503-3634-5},
 location = {Los Angeles, California},
 articleno = {7},
 url = {http://doi.acm.org/10.1145/2776880.2792704},
 doi = {10.1145/2776880.2792704},
 acmid = {2792704},
 publisher = {ACM},
 address = {New York, NY, USA},
} 
